NY000010000080800170031000102000000000000000000000000000000000000000000000000000
NY090020001767676000000199991111111000000000000000000000000000000000000000000000
NY09213000000012403040124012345000000000000044000                         000000
NY092131000000160004322610945611540000000230304000000000000000000000000000000000
NY0921320000001ABCDEFGHIJKLMNOPQRSTUVWXZYabcdefghijklmn0000000000000000000000000
NY090088000000010000000500000000000044000240304240304240304000000000000000000000
NY000089000000010000000700000000000044000240304000000000000000000000000000000000